@article{liu2010phybase,
  title={Phybase: an R package for species tree analysis},
  author={Liu, Liang and Yu, Lili},
  journal={Bioinformatics},
  volume={26},
  number={7},
  pages={962--963},
  year={2010},
  publisher={Oxford University Press}
}

@book{morrison2011introduction,
  IDS={MorrisonNetworks},
  title={An introduction to phylogenetic networks},
  author={Morrison, David A},
  year={2011},
  publisher={RJR productions}
}

@article{sjolander2004phylogenomic,
  IDS={Sjolander-function},
  title={Phylogenomic inference of protein molecular function: advances and challenges},
  author={Sj{\"o}lander, Kimmen},
  journal={Bioinformatics},
  volume={20},
  number={2},
  pages={170--179},
  year={2004},
  publisher={Oxford University Press}
}

@article{eisen2003phylogenomics,
  IDS={Eisen-phylogenomics},
  title={Phylogenomics: intersection of evolution and genomics},
  author={Eisen, Jonathan A and Fraser, Claire M},
  journal={Science},
  volume={300},
  number={5626},
  pages={1706--1707},
  year={2003},
  publisher={American Association for the Advancement of Science}
}


@inproceedings{engelhardt2009phylogenetic,
  IDS={ProteinFunctions},
  title={Phylogenetic molecular function annotation},
  author={Engelhardt, Barbara E and Jordan, Michael I and Repo, Susanna T and Brenner, Steven E},
  booktitle={Journal of Physics: Conference Series},
  volume={180},
  number={1},
  pages={012024},
  year={2009},
  organization={IOP Publishing}
}

@book{thompson2005geographic,
  IDS={CoEvolution},
  title={The geographic mosaic of coevolution},
  author={Thompson, John N},
  year={2005},
  publisher={University of Chicago Press}
}

@article{alberts2007molecular,
  IDS={TheCell},
  title={Molecular biology of the cell: Reference edition},
  author={Alberts, Bruce and Johnson, Alexander and Lewis, Julian and Raff, Martin and Roberts, Keith and Walter, Peter},
  year={2007},
  publisher={Garland Science}
}

@book{nussbaum2001genetics,
  IDS={GeneticsInMedicine},
  title={Genetics in medicine},
  author={Nussbaum, Robert L and McInnes, Roderick R and Williard, Huntington F and Thompson, James Scott and Thompson, Margaret Wilson},
  year={2001},
  publisher={Saunders Philadelphia}
}

@book{arnold1997natural,
  IDS={NaturalHybridization},
  title={Natural hybridization and evolution},
  author={Arnold, Michael L},
  year={1997},
  publisher={Oxford University Press on Demand}
}

@article{gatesy2013concatenation,
  title={Concatenation versus coalescence versus “concatalescence”},
  author={Gatesy, John and Springer, Mark S},
  journal={Proceedings of the National Academy of Sciences},
  volume={110},
  number={13},
  pages={E1179--E1179},
  year={2013},
  publisher={National Acad Sciences}
}

@article{galtier2007model,
  IDS={Galtier07},
  title={A model of horizontal gene transfer and the bacterial phylogeny problem},
  author={Galtier, Nicolas},
  journal={Systematic Biology},
  volume={56},
  number={4},
  pages={633--642},
  year={2007},
  publisher={Oxford University Press}
}

@article{beiko2005highways,
  IDS={BeikoHighways},
  title={Highways of gene sharing in prokaryotes},
  author={Beiko, Robert G and Harlow, Timothy J and Ragan, Mark A},
  journal={Proceedings of the National Academy of Sciences},
  volume={102},
  number={40},
  pages={14332--14337},
  year={2005},
  publisher={National Acad Sciences}
}

@article{steel2013identifying,
  IDS={SteelLGT1},
  title={Identifying a species tree subject to random lateral gene transfer},
  author={Steel, Mike and Linz, Simone and Huson, Daniel H and Sanderson, Michael J},
  journal={Journal of theoretical biology},
  volume={322},
  pages={81--93},
  year={2013},
  publisher={Elsevier}
}

@article{roch2013recovering,
  IDS={RochSnir},
  title={Recovering the treelike trend of evolution despite extensive lateral genetic transfer: a probabilistic analysis},
  author={Roch, Sebastien and Snir, Sagi},
  journal={Journal of Computational Biology},
  volume={20},
  number={2},
  pages={93--112},
  year={2013},
  publisher={Mary Ann Liebert, Inc. 140 Huguenot Street, 3rd Floor New Rochelle, NY 10801 USA}
}

@article{zhaxybayeva2006phylogenetic,
  IDS={Cyanobacteria},
  title={Phylogenetic analyses of cyanobacterial genomes: quantification of horizontal gene transfer events},
  author={Zhaxybayeva, Olga and Gogarten, J Peter and Charlebois, Robert L and Doolittle, W Ford and Papke, R Thane},
  journal={Genome Research},
  volume={16},
  number={9},
  pages={1099--1108},
  year={2006},
  publisher={Cold Spring Harbor Lab}
}

@article{bansal2013systematic,
  IDS={BansalHGTProkaryotes},
  title={Systematic inference of highways of horizontal gene transfer in prokaryotes},
  author={Bansal, Mukul S and Banay, Guy and Harlow, Timothy J and Gogarten, J Peter and Shamir, Ron},
  journal={Bioinformatics},
  volume={29},
  number={5},
  pages={571--579},
  year={2013},
  publisher={Oxford University Press}
}

@article{guindon2003simple,
  IDS={PhyML},
  title={A simple, fast, and accurate algorithm to estimate large phylogenies by maximum likelihood},
  author={Guindon, St{\'e}phane and Gascuel, Olivier},
  journal={Systematic biology},
  volume={52},
  number={5},
  pages={696--704},
  year={2003},
  publisher={Society of Systematic Zoology}
}

@article{ullah2015species,
  IDS={MixTreEM},
  title={Species tree inference using a mixture model},
  author={Ullah, Ikram and Parviainen, Pekka and Lagergren, Jens},
  journal={Molecular biology and evolution},
  volume={32},
  number={9},
  pages={2469--2482},
  year={2015},
  publisher={Oxford University Press}
}

@article{boussau2006efficient,
  IDS={nhPhyML},
  title={Efficient likelihood computations with nonreversible models of evolution},
  author={Boussau, Bastien and Gouy, Manolo},
  journal={Systematic biology},
  volume={55},
  number={5},
  pages={756--768},
  year={2006},
  publisher={Oxford University Press}
}

@article{nguyen2014iq,
  IDS={IQTree},
  title={IQ-TREE: a fast and effective stochastic algorithm for estimating maximum-likelihood phylogenies},
  author={Nguyen, Lam-Tung and Schmidt, Heiko A and von Haeseler, Arndt and Minh, Bui Quang},
  journal={Molecular biology and evolution},
  volume={32},
  number={1},
  pages={268--274},
  year={2014},
  publisher={Oxford University Press}
}

@phdthesis{johansen2013computing,
  IDS={JohansenThesis},
  school={Aarhus University},
  title={Computing triplet and quartet distances},
  author={Johansen, Jens and Holt, Morten Kragelund},
  year={2013},
  publisher={Citeseer}
}