@article{katz2012turning,
title={Turning the crown upside down: gene tree parsimony roots the eukaryotic tree of life},
  author={Katz, Laura A and Grant, Jessica R and Parfrey, Laura Wegener and Burleigh, J Gordon},
  journal={Systematic biology},
  pages={sys026},
  year={2012},
  publisher={Oxford University Press}
}
% @article{mirarab2015astral,
%   title={{ASTRAL-II}: coalescent-based species tree estimation with many hundreds of taxa and thousands of genes},
%   author={Mirarab, Siavash and Warnow, Tandy},
%   journal={Bioinformatics},
%   volume={31},
%   number={12},
%   pages={i44--i52},
%   year={2015},
%   publisher={Oxford Univ Press}
% }sies


% @Article{Maddison1997,
%   journal       = "{Systematic Biology}",
%   author        = {Wayne Maddison},
%   title         = "{Gene Trees in Species Trees}",
%   pages         = {523--536},
%   volume        = {46},
%   year          = {1997},
%   number        = {3},
%   note = {10.1093/sysbio/46.3.523}
% }

@article{mirarab2014astral,
  IDS={ASTRAL},
  title={{ASTRAL}: genome-scale coalescent-based species tree estimation},
  author={Mirarab, Siavash and Reaz, Rezwana and Bayzid, Md S and Zimmermann, Th{\'e}o and Swenson, M Shel and Warnow, Tandy},
  journal={Bioinformatics},
  volume={30},
  number={17},
  pages={i541--i548},
  year={2014},
  publisher={Oxford University Press}
}

@article{mallo2016simphy,
  IDS={simphy, SimPhy},
  title={{SimPhy}: phylogenomic simulation of gene, locus, and species trees},
  author={Mallo, Diego and Martins, Leonardo De Oliveira and Posada, David},
  journal={Systematic biology},
  volume={65},
  number={2},
  pages={334--344},
  year={2016},
  publisher={Oxford University Press},
  note = {10.1093/sysbio/syv082}
}

@article{bryant2001constructing,
  title={Constructing optimal trees from quartets},
  author={Bryant, David and Steel, Mike},
  journal={Journal of Algorithms},
  volume={38},
  number={1},
  pages={237--259},
  year={2001},
  publisher={Elsevier}
}


% @article{smidgen,
%   title={A simulation study comparing supertree and combined analysis 
% methods using {SMIDGen}.},
%   author={Swenson, M Shel and Barban{\c{c}}on, Fran{\c{c}}ois and Warnow, Tandy and Linder, C Randal},
%   journal={Algorithms for Molecular Biology},
%   volume={5},
%   number={8},
%   year={2010}
% }


% @article{sayyari2016fast,
%   title={Fast coalescent-based computation of local branch support from quartet frequencies},
%   author={Sayyari, Erfan and Mirarab, Siavash},
%   journal={Molecular biology and evolution},
%   volume={33},
%   number={7},
%   pages={1654--1668},
%   year={2016},
%   publisher={SMBE}
% }

% @article{seabirds,
%   title={Seabird supertrees: combining partial estimates of procellariiform phylogeny},
%   author={Kennedy, Martyn and Page, Roderic DM and Prum, R},
%   journal={The Auk},
%   volume={119},
%   number={1},
%   pages={88--108},
%   year={2002}
% }


@article{placental,
author = {R.M.D. Beck and O.R.P. Bininda-Emonds
and M. Cardillo and F.G.R. Liu and A. Purvis},
year = 2006,
title = {A higher-level {MRP} supertree
of placental mammals},
journal = {BMC Evolutionary Biology},
volume = 9, number = 93,
}


@article{marsupial,
author = {M. Cardillo and O.R.P. Bininda-Emonds
and E. Boakes and A. Purvis},
title = {A species-level
phylogenetic supertree of marsupials},
journal = {Journal of Zoology},
volume = 264, pages = {11-31},
year = 2004,
}

% @article{THPL,
% author = {M. Wojciechowski and M. Sanderson
% and K. Steele and A. Liston},
% year = 2000,
% title = {Molecular phylogeny of the
% {``temperate herbaceous tribes"}
% of papilionoid legumes: a supertree
% approach},
% journal = {Advances in Legume Systematics},
% volume = 9,
% pages = {277-298},
% }

@article{cpl,
author  = {M. McMahon and M Sanderson},
year = 2006,
title = {Phylogenetic supermatrix analysis
of {GenBank} sequences from
2228 papilionoid legumes},
journal = {Systematic Biology},
volume = 55,
pages = {818-836},
}

@article{sharanowski2010expressed,
  title = {Expressed sequence tags reveal {Proctotrupomorpha (minus Chalcidoidea) as sister to Aculeata (Hymenoptera: Insecta)}},
  author ={ Sharanowski, Barbara J and Robbertse, Barbara and Walker, John and Voss, S Randal and Yoder, Ryan and Spatafora, Joseph and Sharkey, Michael J},
  journal = {Molecular Phylogenetics and Evolution},
  volume = {57},
  number = {1},
  pages = {101--112},
  year = {2010},
}
@article{allen2017phylogenomics,
  title={Phylogenomics from whole genome sequences using aTRAM},
  author={Allen, Julie M and Boyd, Bret and Nguyen, Nam-Phuong and Vachaspati, Pranjal and Warnow, Tandy and Huang, Daisie I and Grady, Patrick GS and Bell, Kayce C and Cronk, Quentin CB and Mugisha, Lawrence and others},
  journal={Systematic biology},
  volume={66},
  number={5},
  pages={786--798},
  year={2017},
  publisher={Oxford University Press}
}

% @article{leavitt2016resolving,
%   title={Resolving evolutionary relationships in lichen-forming fungi using diverse phylogenomic datasets and analytical approaches},
%   author={Leavitt, Steven D and Grewe, Felix and Widhelm, Todd and Muggia, Lucia and Wray, Brian and Lumbsch, H Thorsten},
%   journal={Scientific reports},
%   volume={6},
%   year={2016},
%   publisher={Nature Publishing Group}
% }

@article{betancur2014molecular,
  title={Molecular evidence for the monophyly of flatfishes (Carangimorpharia: Pleuronectiformes)},
  author={Betancur-R, Ricardo and Orti, Guillermo},
  journal={Molecular Phylogenetics and Evolution},
  volume={73},
  pages={18--22},
  year={2014},
  publisher={Elsevier}
}
% @article{Stamatakis2014,
% 	author = {Stamatakis, Alexandros}, 
% 	title = {{RAxML Version 8: A tool for Phylogenetic Analysis and Post-Analysis of Large Phylogenies}},
% 	year = {2014}, 
% 	volume = {30},
% 	number = {9},
% 	journal = {Bioinformatics},
%         note = {10.1093/bioinformatics/btu033}
% }

@article{maestri2017ecology,
  title = {The ecology of a continental evolutionary radiation: Is the radiation of sigmodontine rodents adaptive?},
  author = {Maestri, Renan and Monteiro, Leandro Rabello and Fornel, Rodrigo and Upham, Nathan S and Patterson, Bruce D and Freitas, Thales Renato Ochotorena},
  journal = {Evolution},
  volume = 71,
  number = 3,
  pages = {610--632},
  year=2017,
  publisher={Wiley Online Library}
}
@article{gonzalez2014molecular,
  title={The molecular phylogenetics of the genus {Oligoryzomys (Rodentia: Cricetidae)} clarifies rodent host--hantavirus associations},
  author={Gonz{\'a}lez-Ittig, Raul E and Rivera, Paula C and Levis, Silvana C and Calder{\'o}n, Gladys E and Gardenal, Cristina N},
  journal={Zoological Journal of the Linnean Society},
  volume = 171,
  number = 2,
  pages = { 457--474},
  year = 2014,
  publisher={Wiley Online Library}
}

@article{alvarado2013new,
  title = {A new genus for the {A}ndean mice {Akodon latebricola and A. bogotensis (Rodentia: Sigmodontinae)}},
  author = {Alvarado-Serrano, Diego F and D'Elia, Guillermo},
  journal = {Journal of Mammalogy},
  volume = 94, 
  number = 5, 
  pages = {995--1015},
  year = 2013,
}

@article{machado2014phylogeny,
  title={Phylogeny and biogeography of tetralophodont rodents of the tribe {Oryzomyini (Cricetidae: Sigmodontinae)}},
  author={Machado, Leonardo F and Leite, Yuri LR and Christoff, Alexandre U and Giugliano, Lilian G},
  journal={Zoologica Scripta},
  volume={43},
  number={2},
  pages={119--130},
  year={2014},
  publisher={Wiley Online Library}
}

@article{tang2014effects,
  title={Effects of phylogenetic reconstruction method on the robustness of species delimitation using single-locus data},
  author={Tang, Cuong Q and Humphreys, Aelys M and Fontaneto, Diego and Barraclough, Timothy G},
  journal={Methods in Ecology and Evolution},
  volume={5},
  number={10},
  pages={1086--1094},
  year={2014},
  publisher={Wiley Online Library}
}

@article{rothfels2015evolutionary,
  title={The evolutionary history of ferns inferred from 25 low-copy nuclear genes},
  author={Rothfels, Carl J and Li, Fay-Wei and Sigel, Erin M and Huiet, Layne and Larsson, Anders and Burge, Dylan O and Ruhsam, Markus and Deyholos, Michael and Soltis, Douglas E and Stewart, CN and Shaw, SW and Pokorny, L and Chen, T and  Pamphilis, C and  DeGironimo, L and  Chen, L and  Wei, X and Sun, X and Korall, P  and Stevenson, DW and Graham, SW and  Wong, G K-S and  Pryer, KM},
  journal={American Journal of Botany},
  volume={102},
  number={7},
  pages={1089--1107},
  year={2015},
  publisher={Botanical Soc America}
}
% @ARTICLE{Song2012,
%   author = {Song, Sen and Liu, Liang and Edwards, Scott V and Wu, Shaoyuan},
%   title = {{Resolving conflict in eutherian mammal phylogeny using phylogenomics
% 	and the multispecies coalescent model.}},
%   journal = {Proceedings of the National Academy of Sciences},
%   year = {2012},
%   volume = {109},
%   pages = {14942--7},
%   number = {37},
%   month = sep,
%   abstract = {The reconstruction of the Tree of Life has relied almost entirely
% 	on concatenation methods, which do not accommodate gene tree heterogeneity,
% 	a property that simulations and theory have identified as a likely
% 	cause of incongruent phylogenies. However, this incongruence has
% 	not yet been demonstrated in empirical studies. Several key relationships
% 	among eutherian mammals remain controversial and conflicting among
% 	previous studies, including the root of eutherian tree and the relationships
% 	within Euarchontoglires and Laurasiatheria. Both bayesian and maximum-likelihood
% 	analysis of genome-wide data of 447 nuclear genes from 37 species
% 	show that concatenation methods indeed yield strong incongruence
% 	in the phylogeny of eutherian mammals, as revealed by subsampling
% 	analyses of loci and taxa, which produced strongly conflicting topologies.
% 	In contrast, the coalescent methods, which accommodate gene tree
% 	heterogeneity, yield a phylogeny that is robust to variable gene
% 	and taxon sampling and is congruent with geographic data. The data
% 	also demonstrate that incomplete lineage sorting, a major source
% 	of gene tree heterogeneity, is relevant to deep-level phylogenies,
% 	such as those among eutherian mammals. Our results firmly place the
% 	eutherian root between Atlantogenata and Boreoeutheria and support
% 	ungulate polyphyly and a sister-group relationship between Scandentia
% 	and Primates. This study demonstrates that the incongruence introduced
% 	by concatenation methods is a major cause of long-standing uncertainty
% 	in the phylogeny of eutherian mammals, and the same may apply to
% 	other clades. Our analyses suggest that such incongruence can be
% 	resolved using phylogenomic data and coalescent methods that deal
% 	explicitly with gene tree heterogeneity.},
%   doi = {10.1073/pnas.1211733109},
%   issn = {1091-6490},
%   keywords = {Animals,Bayes Theorem,Classification,Classification: methods,Evolution,
% 	Molecular,Likelihood Functions,Mammals,Mammals: genetics,Models,
% 	Genetic,Phylogeny,Phylogeography,Species Specificity},
%   pmid = {22930817},
%   url = {http://www.pnas.org/cgi/content/long/109/37/14942}
% }

@article{vachaspati2017fastrfs,
  IDS={fastrfs},
  title={{FastRFS:} fast and accurate {Robinson-Foulds Supertrees} using constrained exact optimization},
  author={Vachaspati, Pranjal and Warnow, Tandy},
  journal={Bioinformatics},
  volume={33},
  number={5},
  pages={631--639},
  year={2017},
  publisher={Oxford University Press}
}
@article{roch2006short,
  title={A short proof that phylogenetic tree reconstruction by maximum likelihood is hard},
  author={Roch, Sebastien},
  journal={IEEE/ACM Transactions on Computational Biology and Bioinformatics (TCBB)},
  volume={3},
  number={1},
  pages={92},
  year={2006},
  publisher={IEEE Computer Society Press}
}
@article{larget2010bucky,
  IDS={BUCKy,Larget2010},
  title={{BUCKy}: gene tree/species tree reconciliation with {Bayesian} concordance analysis},
  author={Larget, Bret R and Kotha, Satish K and Dewey, Colin N and An{\'e}, C{\'e}cile},
  journal={Bioinformatics},
  volume={26},
  number={22},
  pages={2910--2911},
  year={2010},
  publisher={Oxford Univ Press}
}
@article{nguyen2012mrl,
  IDS={MRL, Nguyen2012, mrl},
  title={{MRL and SuperFine+MRL}: new supertree methods},
  author={Nguyen, Nam and Mirarab, Siavash and Warnow, Tandy},
  journal={Algorithms for Molecular Biology},
  volume={7},
  number={1},
  pages={3},
  year={2012},
  publisher={BioMed Central}
}
@article{mossel2010incomplete,
IDS={Mossel2010},
  title={Incomplete lineage sorting: consistent phylogeny estimation from multiple loci},
  author={Mossel, Elchanan and Roch, Sebastien},
  journal={IEEE/ACM Transactions on Computational Biology and Bioinformatics (TCBB)},
  volume={7},
  number={1},
  pages={166--171},
  year={2010},
  publisher={IEEE Computer Society Press}
}

@article{ThanNakhleh2009,
IDS={MDC},
author = {Than, C and Nakhleh, L},
doi = {10.1371/journal.pcbi.1000501},
journal = {PLoS Computational Biology},
number = {9},
pages = {e1000501},
title = {Species tree inference by minimizing deep coalescences},
url = {http://dx.plos.org/10.1371/journal.pcbi.1000501.g016},
volume = {5},
year = {2009}
}

@book{bininda2004phylogenetic,
  title={Phylogenetic supertrees: combining information to reveal the 
  "Tree of Life"},
  author={Bininda-Emonds, Olaf R.P.},
  year={2004},
  publisher={Springer Science \& Business Media},
  address = {Dordrecht},
}

@article{szollosi2013efficient,
  title={Efficient exploration of the space of reconciled gene trees},
  author={Sz{\"o}ll{\H{o}}si, Gergely J and Rosikiewicz, Wojciech and Boussau, Bastien and Tannier, Eric and Daubin, Vincent},
  journal={Systematic biology},
  pages={syt054},
  year={2013},
  publisher={Oxford University Press}
}

@inproceedings{hallett2000new,
  title={New algorithms for the duplication-loss model},
  author={Hallett, Michael T and Lagergren, Jens},
  booktitle={``Proceedings of the fourth annual International Conference on Computational Molecular Biology (RECOMB)''},
  pages={138--146},
  year={2000},
  organization={ACM}
}

@article{yu2011algorithms,
  title={Algorithms for {MDC}-based multi-locus phylogeny inference: beyond rooted binary gene trees on single alleles},
  author={Yu, Yun and Warnow, Tandy and Nakhleh, Luay},
  journal={Journal of Computational Biology},
  volume={18},
  number={11},
  pages={1543--1559},
  year={2011},
  publisher={Mary Ann Liebert, Inc. 140 Huguenot Street, 3rd Floor New Rochelle, NY 10801 USA}
}

@inproceedings{bayzid2013inferring,
  title={Inferring optimal species trees under gene duplication and loss.},
  author={Bayzid, Md Shamsuzzoha and Mirarab, Siavash and Warnow, Tandy J},
  booktitle={Pacific Symposium on Biocomputing},
  volume={18},
  pages={250--261},
  year={2013}
}

@article{dendropy,
  title={{DendroPy: a Python} library for phylogenetic computing},
  author={Sukumaran, Jeet and Holder, Mark T},
  journal={Bioinformatics},
  volume={26},
  number={12},
  pages={1569--1571},
  year={2010},
  publisher={Oxford University Press}
}

% @article{Jarvis2014,
% 	author = {Jarvis, Erich D. and Mirarab, Siavash and Aberer, Andre J. and Li, Bo and Houde, Peter and Li, Cai and Ho, Simon Y. W. and Faircloth, Brant C. and Nabholz, Benoit and Howard, Jason T. and Suh, Alexander and Weber, Claudia C. and da Fonseca, Rute R. and Li, Jianwen and Zhang, Fang and Li, Hui and Zhou, Long and Narula, Nitish and Liu, Liang and Ganapathy, Ganesh and Boussau, Bastien and Bayzid, Md. Shamsuzzoha and Zavidovych, Volodymyr and Subramanian, Sankar and Gabald{\'o}n, Toni and Capella-Guti{\'e}rrez, Salvador and Huerta-Cepas, Jaime and Rekepalli, Bhanu and Munch, Kasper and Schierup, Mikkel and Lindow, Bent and Warren, Wesley C. and Ray, David and Green, Richard E. and Bruford, Michael W. and Zhan, Xiangjiang and Dixon, Andrew and Li, Shengbin and Li, Ning and Huang, Yinhua and Derryberry, Elizabeth P. and Bertelsen, Mads Frost and Sheldon, Frederick H. and Brumfield, Robb T. and Mello, Claudio V. and Lovell, Peter V. and Wirthlin, Morgan and Schneider, Maria Paula Cruz and Prosdocimi, Francisco and Samaniego, Jos{\'e} Alfredo and Velazquez, Amhed Missael Vargas and Alfaro-N{\'u}{\~n}ez, Alonzo and Campos, Paula F. and Petersen, Bent and Sicheritz-Ponten, Thomas and Pas, An and Bailey, Tom and Scofield, Paul and Bunce, Michael and Lambert, David M. and Zhou, Qi and Perelman, Polina and Driskell, Amy C. and Shapiro, Beth and Xiong, Zijun and Zeng, Yongli and Liu, Shiping and Li, Zhenyu and Liu, Binghang and Wu, Kui and Xiao, Jin and Yinqi, Xiong and Zheng, Qiuemei and Zhang, Yong and Yang, Huanming and Wang, Jian and Smeds, Linnea and Rheindt, Frank E. and Braun, Michael and Fjeldsa, Jon and Orlando, Ludovic and Barker, F. Keith and J{\o}nsson, Knud Andreas and Johnson, Warren and Koepfli, Klaus-Peter and O{\textquoteright}Brien, Stephen and Haussler, David and Ryder, Oliver A. and Rahbek, Carsten and Willerslev, Eske and Graves, Gary R. and Glenn, Travis C. and McCormack, John and Burt, Dave and Ellegren, Hans and Alstr{\"o}m, Per and Edwards, Scott V. and Stamatakis, Alexandros and Mindell, David P. and Cracraft, Joel and Braun, Edward L. and Warnow, Tandy and Jun, Wang and Gilbert, M. Thomas P. and Zhang, Guojie},
% 	title = {{Whole-genome analyses resolve early branches in the tree of life of modern birds}},
% 	volume = {346},
% 	number = {6215},
% 	pages = {1320--1331},
% 	year = {2014},
% 	doi = {10.1126/science.1253451},
% 	publisher = {American Association for the Advancement of Science},
% 	issn = {0036-8075},
% 	URL = {http://science.sciencemag.org/content/346/6215/1320},
% 	eprint = {http://science.sciencemag.org/content/346/6215/1320.full.pdf},
% 	journal = {Science}
% }


% @ARTICLE{Liu2009-STAR,
%  	author = {Liu, Liang and Yu, Lili and Pearl, Dennis K and Edwards, Scott V},
%  	title = {{Estimating species phylogenies using coalescence times among sequences}},
%  	journal = {Systematic Biology},
% 	year = {2009},
%  	volume = {58},
% 	pages = {468--477},
% 	number = {5},
% 	owner = {bayzid},
% 	publisher = {Oxford University Press},
% }


@article{Jewett2012-iGLASS,
        Author = {Jewett, E. M. and Rosenberg, N. A.},
        Journal = {{Journal of Computational Biology}},
        Number = {3},
        Pages = {293--315},
        Title = {{ iGLASS: An Improvement to the GLASS Method for Estimating Species Trees from Gene Trees}},
        Volume = {19},
        Year = {2012},
        doi = {10.1089/cmb.2011.0231}
}


% @Article{Liu2010-MPEST,
% 	author="Liu, Liang and Yu, Lili and Edwards, Scott V.",
% 	title="{A maximum pseudo-likelihood approach for estimating species trees under the coalescent model}",
% 	journal="BMC Evolutionary Biology",
% 	year="2010",
% 	volume="10",
% 	number="1",
% 	pages="1--18",
% 	issn="1471-2148",
% 	doi="10.1186/1471-2148-10-302",
% 	url="http://dx.doi.org/10.1186/1471-2148-10-302"
% }

% @Article{Liu2011-NJst,
% 	author="Liu, Liang and Yu, Lili",
% 	title="{Estimating Species Trees from Unrooted Gene Trees}",
% 	journal="Systematic Biology",
% 	year="2011",
% 	volume="60",
% 	number="5",
% 	pages="661--667",
% 	doi="10.1093/sysbio/syr027"
% }


% @Article{Vachaspati2015-ASTRID,
% 	author="Vachaspati, Pranjal and Warnow, Tandy",
% 	title="{ASTRID: Accurate Species TRees from Internode Distances}",
% 	journal="BMC Genomics",
% 	year="2015",
% 	volume="16",
% 	number="10",
% 	pages="1--13",
% 	issn="1471-2164",
% 	doi="10.1186/1471-2164-16-S10-S3",
% 	url="http://dx.doi.org/10.1186/1471-2164-16-S10-S3"
% }


@article{Fletcher2009,
        IDS={Indelible},
	author = {Fletcher, William and Yang, Ziheng}, 
	title = {{INDELible: A Flexible Simulator of Biological Sequence Evolution}},
	volume = {26}, 
	number = {8}, 
	pages = {1879--1888}, 
	year = {2009}, 
	doi = {10.1093/molbev/msp098}, 
	URL = {http://mbe.oxfordjournals.org/content/26/8/1879.abstract}, 
	eprint = {http://mbe.oxfordjournals.org/content/26/8/1879.full.pdf+html}, 
	journal = {Molecular Biology and Evolution} 
}

@misc{siesta-data,
author = {Vachaspati, Pranjal},
doi={10.6084/m9.figshare.5234803.v1},
title = {Simulated Data for SIESTA paper},
year = 2017,
note = {Retrieved July 21, 2017 from doi:10.6084/m9.figshare.5234803.v1},
}

@article{ronquist2012mrbayes,
  title={{MrBayes} 3.2: efficient {Bayesian} phylogenetic inference and model choice across a large model space},
  author={Ronquist, Fredrik and Teslenko, Maxim and Van Der Mark, Paul and Ayres, Daniel L and Darling, Aaron and H{\"o}hna, Sebastian and Larget, Bret and Liu, Liang and Suchard, Marc A and Huelsenbeck, John P},
  journal={Systematic biology},
  volume={61},
  number={3},
  pages={539--542},
  year={2012},
  publisher={Oxford University Press}
}

@article{meiklejohn2016analysis,
IDS={Meiklejohn2016},
  title={Analysis of a rapid evolutionary radiation using ultraconserved elements: evidence for a bias in some multispecies coalescent methods},
  author={Meiklejohn, Kelly A and Faircloth, Brant C and Glenn, Travis C and Kimball, Rebecca T and Braun, Edward L},
  journal={Systematic biology},
  volume={65},
  number={4},
  pages={612--627},
  year={2016},
  publisher={Oxford University Press}
}

@article{linkem2016detecting,
  title={Detecting the anomaly zone in species trees and evidence for a misleading signal in higher-level skink phylogeny (Squamata: Scincidae).},
  author={Linkem, Charles W and Minin, Vladimir N and Leach{\'e}, Adam D},
  journal={Systematic biology},
  volume={65},
  number={3},
  pages={465--477},
  year={2016},
  publisher={Oxford University Press}
}

% @article{bcd,
% author = {Fleischauer, Markus and B\"{o}cker, Sebastian},
% title = {{Bad Clade Deletion Supertrees: A Fast and Accurate Supertree Algorithm}},
% journal = {Molecular Biology and Evolution},
% volume = {34},
% number = {9},
% pages = {2408-2421},
% year = {2017},
% doi = {10.1093/molbev/msx191},
% }

@article{baum-mrp,
 IDS={baum_mrp_2004},
 ISSN = {00400262},
 URL = {http://www.jstor.org/stable/1222480},
 abstract = {A procedure of combining trees obtained from data sets of different kinds, similar to Brooks's technique but for a different purpose, with the aim of combining these data sets, is detailed along with examples used in five unrepeated combinations from a total of 15 published datasets. The procedure does not adjoin raw data sets, but instead combines the binary-coded factors of the trees, each tree from a different data set, together. This allows the combining of data that are only available as pair-wise distances with data obtained directly from characters of the organisms. It economizes the analysis of combined nucleotide sequence data which can be very large, and preserves information for each kind of data in the combination. The procedure allows for missing data as well, and can be regarded as a new consensus method -- mathematical properties have yet to be investigated. The desirability of combining gene trees, obtained from molecular data, to enable the inference of species trees is discussed in light of using this procedure.},
 author = {Bernard R. Baum},
 journal = {Taxon},
 number = {1},
 pages = {3-10},
 publisher = {International Association for Plant Taxonomy (IAPT)},
 title = {Combining Trees as a Way of Combining Data Sets for Phylogenetic Inference, and the Desirability of Combining Gene Trees},
 volume = {41},
 year = {1992}
}

% @article{ragan-mrp,
% title = "Phylogenetic inference based on matrix representation of trees",
% journal = "Molecular Phylogenetics and Evolution",
% volume = "1",
% number = "1",
% pages = "53 - 58",
% year = "1992",
% issn = "1055-7903",
% doi = "https://doi.org/10.1016/1055-7903(92)90035-F",
% url = "http://www.sciencedirect.com/science/article/pii/105579039290035F",
% author = "Mark A. Ragan"
% }

@article{holder-redelings-supertree,
 title = {A supertree pipeline for summarizing phylogenetic and taxonomic information for millions of species},
 author = {Redelings, Benjamin D. and Holder, Mark T.},
 year = 2017,
 month = mar,
 keywords = {Supertree, Phylogenetics, Taxonomy, Software, Tree of life},
 abstract = {
            We present a new supertree method that enables rapid estimation of a summary tree on the scale of millions of leaves. This supertree method summarizes a collection of input phylogenies and an input taxonomy. We introduce formal goals and criteria for such a supertree to satisfy in order to transparently and justifiably represent the input trees. In addition to producing a supertree, our method computes annotations that describe which grouping in the input trees support and conflict with each group in the supertree. We compare our supertree construction method to a previously published supertree construction method by assessing their performance on input trees used to construct the Open Tree of Life version 4, and find that our method increases the number of displayed input splits from 35,518 to 39,639 and decreases the number of conflicting input splits from 2,760 to 1,357. The new supertree method also improves on the previous supertree construction method in that it produces no unsupported branches and avoids unnecessary polytomies. This pipeline is currently used by the Open Tree of Life project to produce all of the versions of project’s “synthetic tree” starting at version 5. This software pipeline is called “\textit{propinquity}”. It relies heavily on “\textit{otcetera}”—a set of C++ tools to perform most of the steps of the pipeline. All of the components are free software and are available on GitHub.
         },
 volume = 5,
 pages = {e3058},
 journal = {PeerJ},
 issn = {2167-8359},
 url = {https://doi.org/10.7717/peerj.3058},
 doi = {10.7717/peerj.3058}
}

@ARTICLE{lafond-supertree-2017,
author={M. Lafond and C. Chauve and N. El-Mabrouk and A. Ouangraoua}, 
journal={IEEE/ACM Transactions on Computational Biology and Bioinformatics}, 
title={Gene Tree Construction and Correction using SuperTree and Reconciliation}, 
year={2017}, 
volume={PP}, 
number={99}, 
pages={1-1}, 
keywords={Electronic mail;Heuristic algorithms;History;Labeling;Phylogeny;Topology;Vegetation}, 
doi={10.1109/TCBB.2017.2720581}, 
ISSN={1545-5963}, 
month={},}



@inproceedings{astral3,
author={C. Zhang 
and E. Sayyari 
and S. Mirarab},
editor={J. Meidanis 
and L. Nakhleh},
title={{ASTRAL-III}: Increased Scalability and Impacts of Contracting Low Support Branches},
booktitle={Comparative Genomics: Proceedings of the 15th International Workshop, RECOMB-CG 2017, Barcelona, Spain, October 4-6, 2017},
year={2017},
publisher={Springer International Publishing},
address = {Cham, Switzerland},
pages={53--75},
}
@article{molloy2017include,
IDS={MolloyWarnow2017},
  title={To include or not to include: the impact of gene filtering on species tree estimation methods},
  author={Molloy, Erin K and Warnow, Tandy},
  journal={Systematic biology},
  volume={67},
  number={2},
  pages={285--303},
  year={2017},
  publisher={Oxford University Press}
}

% @article{maddison1997gene,
%   title={Gene trees in species trees},
%   author={Maddison, Wayne P},
%   journal={Systematic biology},
%   volume={46},
%   number={3},
%   pages={523--536},
%   year={1997},
%   publisher={Oxford University Press}
% }