@book{darwin1859origin,
  title={On the origin of species},
  author={Darwin, Charles},
  year={1859},
  publisher={John Murray}
}
@article{levine2011i5k,
  title={i5k: the 5,000 insect genome project},
  author={Levine, Richard},
  journal={American Entomologist},
  volume={57},
  number={2},
  pages={110--113},
  year={2011},
  publisher={Oxford University Press Oxford, UK}
}
@article{cheng201810kp,
  title={10KP: A phylodiverse genome sequencing plan},
  author={Cheng, Shifeng and Melkonian, Michael and Smith, Stephen A and Brockington, Samuel and Archibald, John M and Delaux, Pierre-Marc and Li, Fay-Wei and Melkonian, Barbara and Mavrodiev, Evgeny V and Sun, Wenjing and others},
  journal={Gigascience},
  volume={7},
  number={3},
  pages={giy013},
  year={2018},
  publisher={Oxford University Press}
}

@article{christensen2018octal,
  title={OCTAL: Optimal Completion of gene trees in polynomial time},
  author={Christensen, Sarah and Molloy, Erin K and Vachaspati, Pranjal and Warnow, Tandy},
  journal={Algorithms for Molecular Biology},
  volume={13},
  number={1},
  pages={6},
  year={2018},
  publisher={BioMed Central}
}

@book{warnow2017computational,
  title={Computational phylogenetics: an introduction to designing methods for phylogeny estimation},
  author={Warnow, Tandy},
  year={2017},
  publisher={Cambridge University Press}
}

@article{tian2017rooting,
  title={Rooting phylogenetic trees under the coalescent model using site pattern probabilities},
  author={Tian, Yuan and Kubatko, Laura},
  journal={BMC evolutionary biology},
  volume={17},
  number={1},
  pages={263},
  year={2017},
  publisher={BioMed Central}
}

@article{boykin2010comparison,
  title={Comparison of methods for rooting phylogenetic trees: A case study using Orcuttieae (Poaceae: Chloridoideae)},
  author={Boykin, Laura M and Kubatko, Laura Salter and Lowrey, Timothy K},
  journal={Molecular phylogenetics and evolution},
  volume={54},
  number={3},
  pages={687--700},
  year={2010},
  publisher={Elsevier}
}

@article{critchlow1996triples,
  title={The triples distance for rooted bifurcating phylogenetic trees},
  author={Critchlow, Douglas E and Pearl, Dennis K and Qian, Chunlin},
  journal={Systematic Biology},
  volume={45},
  number={3},
  pages={323--334},
  year={1996},
  publisher={Society of Systematic Biologists}
}

@inproceedings{bansal2008comparing,
  title={Comparing and aggregating partially resolved trees},
  author={Bansal, Mukul S and Dong, Jianrong and Fern{\'a}ndez-Baca, David},
  booktitle={Latin American Symposium on Theoretical Informatics},
  pages={72--83},
  year={2008},
  organization={Springer}
}

@article{sand2014tqdist,
  title={tqDist: a library for computing the quartet and triplet distances between binary or general trees},
  author={Sand, Andreas and Holt, Morten K and Johansen, Jens and Brodal, Gerth St{\o}lting and Mailund, Thomas and Pedersen, Christian NS},
  journal={Bioinformatics},
  volume={30},
  number={14},
  pages={2079--2080},
  year={2014},
  publisher={Oxford University Press}
}

@article{gu1995maximum,
  title={Maximum likelihood estimation of the heterogeneity of substitution rate among nucleotide sites.},
  author={Gu, Xun and Fu, Yun-Xin and Li, Wen-Hsiung},
  journal={Molecular Biology and evolution},
  volume={12},
  number={4},
  pages={546--557},
  year={1995}
}

@article{allman2008identifiability,
  title={Identifiability of a Markovian model of molecular evolution with gamma-distributed rates},
  author={Allman, Elizabeth S and An{\'e}, C{\'e}cile and Rhodes, John A},
  journal={Advances in Applied Probability},
  volume={40},
  number={1},
  pages={229--249},
  year={2008},
  publisher={Cambridge University Press}
}

@article{chai2011rogers,
  title={On Rogers' proof of identifiability for the GTR+ $\Gamma$+ I model},
  author={Chai, Juanjuan and Housworth, Elizabeth A},
  journal={Systematic biology},
  volume={60},
  number={5},
  pages={713--718},
  year={2011},
  publisher={Oxford University Press}
}


@article{felsenstein1981evolutionary,
  title={Evolutionary trees from DNA sequences: a maximum likelihood approach},
  author={Felsenstein, Joseph},
  journal={Journal of molecular evolution},
  volume={17},
  number={6},
  pages={368--376},
  year={1981},
  publisher={Springer}
}

@article{jain1999horizontal,
  title={Horizontal gene transfer among genomes: the complexity hypothesis},
  author={Jain, Ravi and Rivera, Maria C and Lake, James A},
  journal={Proceedings of the National Academy of Sciences},
  volume={96},
  number={7},
  pages={3801--3806},
  year={1999},
  publisher={National Acad Sciences}
}

@article{thomas2005mechanisms,
  title={Mechanisms of, and barriers to, horizontal gene transfer between bacteria},
  author={Thomas, Christopher M and Nielsen, Kaare M},
  journal={Nature reviews microbiology},
  volume={3},
  number={9},
  pages={711},
  year={2005},
  publisher={Nature Publishing Group}
}

@article{huson2005application,
  title={Application of phylogenetic networks in evolutionary studies},
  author={Huson, Daniel H and Bryant, David},
  journal={Molecular biology and evolution},
  volume={23},
  number={2},
  pages={254--267},
  year={2005},
  publisher={Oxford University Press}
}

@article{anderson1953introgressive,
  title={Introgressive hybridization},
  author={Anderson, Edgar},
  journal={Biological Reviews},
  volume={28},
  number={3},
  pages={280--307},
  year={1953},
  publisher={Wiley Online Library}
}

@inproceedings{yu2013fast,
  title={Fast algorithms and heuristics for phylogenomics under ILS and hybridization},
  author={Yu, Yun and Ristic, Nikola and Nakhleh, Luay},
  booktitle={BMC bioinformatics},
  volume={14},
  number={15},
  pages={S6},
  year={2013},
  organization={BioMed Central}
}

@book{wilson2005mammal,
  title={Mammal species of the world: a taxonomic and geographic reference},
  author={Wilson, Don E and Reeder, DeeAnn M},
  volume={1},
  year={2005},
  publisher={JHU Press}
}

@incollection{robinson1979comparison,
  title={Comparison of weighted labelled trees},
  author={Robinson, David F and Foulds, Leslie R},
  booktitle={Combinatorial mathematics VI},
  pages={119--126},
  year={1979},
  publisher={Springer}
}

@article{lin2012metric,
  title={A metric for phylogenetic trees based on matching},
  author={Lin, Yu and Rajan, Vaibhav and Moret, Bernard ME},
  journal={IEEE/ACM Transactions on Computational Biology and Bioinformatics (TCBB)},
  volume={9},
  number={4},
  pages={1014--1022},
  year={2012},
  publisher={IEEE Computer Society Press}
}

@article{jones1992rapid,
  title={The rapid generation of mutation data matrices from protein sequences},
  author={Jones, David T and Taylor, William R and Thornton, Janet M},
  journal={Bioinformatics},
  volume={8},
  number={3},
  pages={275--282},
  year={1992},
  publisher={Oxford University Press}
}

@article{whelan2001general,
  title={A general empirical model of protein evolution derived from multiple protein families using a maximum-likelihood approach},
  author={Whelan, Simon and Goldman, Nick},
  journal={Molecular biology and evolution},
  volume={18},
  number={5},
  pages={691--699},
  year={2001},
  publisher={Oxford University Press}
}

@book{yang2014molecular,
  title={Molecular evolution: a statistical approach},
  author={Yang, Ziheng},
  year={2014},
  publisher={Oxford University Press}
}

@article{Wang-MSA2011,
 author = {Wang, Li-San and Leebens-Mack, Jim and Wall, P. Kerr and Beckmann, Kevin and dePamphilis, Claude W. and Warnow, Tandy},
 title = {The Impact of Multiple Protein Sequence Alignment on Phylogenetic Estimation},
 journal = {IEEE/ACM Trans. Comput. Biol. Bioinformatics},
 issue_date = {July 2011},
 volume = {8},
 number = {4},
 month = jul,
 year = {2011},
 issn = {1545-5963},
 pages = {1108--1119},
 numpages = {12},
 url = {http://dx.doi.org/10.1109/TCBB.2009.68},
 doi = {10.1109/TCBB.2009.68},
 acmid = {1990926},
 publisher = {IEEE Computer Society Press}
} 
