% bmc_article.bib
% 
%  An example of bibtex entries.
%  Entries taken from BMC instructions for authors page.

% uncomment next line to make author-year bibliography
% @settings{label, options="nameyear"}
@article{superfine,
  title={{SuperFine}: fast and accurate supertree estimation},
  author={Swenson, M Shel and Suri, Rahul and Linder, C Randal and Warnow, Tandy},
  journal={Systematic biology},
  volume={61},
  number={2},
  pages={214},
  year={2011},
  publisher={Oxford University Press}
}
% @article{mrl,
%   title={{MRL} and {SuperFine+ MRL}: new supertree methods},
%   author={Nguyen, Nam and Mirarab, Siavash and Warnow, Tandy},
%   journal={Algorithms for Molecular Biology},
%   volume={7},
%   number={1},
%   pages={3},
%   year={2012},
%   publisher={BioMed Central}
% }

% @article{fastrfs,
%   title={{FastRFS}: fast and accurate {Robinson-Foulds} Supertrees using constrained exact optimization},
%   author={Vachaspati, Pranjal and Warnow, Tandy},
%   journal={Bioinformatics},
%   volume={33},
%   number={5},
%   pages={631--639},
%   year={2016},
%   publisher={Oxford University Press}
% }

@article{warnow2018supertree,
  title={Supertree construction: Opportunities and challenges},
  author={Warnow, Tandy},
  journal={arXiv preprint arXiv:1805.03530},
  year={2018}
}
@incollection{warnow2019divide,
  title={Divide-and-conquer tree estimation: opportunities and challenges},
  author={Warnow, Tandy},
  booktitle={Bioinformatics and Phylogenetics},
  pages={121--150},
  year={2019},
  publisher={Springer}
}

@article{dactal,
  title={{DACTAL}: divide-and-conquer trees (almost) without alignments},
  author={Nelesen, Serita and Liu, Kevin and Wang, Li-San and Linder, C Randal and Warnow, Tandy},
  journal={Bioinformatics},
  volume={28},
  number={12},
  pages={i274--i282},
  year={2012},
  publisher={Oxford University Press}
}

@article{burgio2019phylogenetic,
  IDS={cisneros2019phylogenetic},
  title={Phylogenetic supertree and functional trait database for all extant parrots},
  author={Burgio, Kevin R and Davis, Katie E and Dreiss, Lindsay M and Cisneros, Laura M and Klingbeil, Brian T and Presley, Steven J and Willig, Michael R},
  journal={Data in brief},
  volume={24},
  pages={103882},
  year={2019},
  publisher={Elsevier}
}


@article{wojciechowski2000molecular,
IDS={THPL},
  title={Molecular phylogeny of the ``temperate herbaceous tribes'' of papilionoid legumes: a supertree approach},
  author={Wojciechowski, Martin F and Sanderson, Michael J and Steele, Kelly P and Liston, Aaron},
  journal={Advances in legume systematics},
  volume={9},
  pages={277--298},
  year={2000},
  publisher={Royal Botanic Gardens}
}

@article{mcmahon2006phylogenetic,
  title={Phylogenetic supermatrix analysis of {GenBank} sequences from 2228 papilionoid legumes},
  author={McMahon, Michelle M and Sanderson, Michael J},
  journal={Systematic biology},
  volume={55},
  number={5},
  pages={818--836},
  year={2006},
  publisher={Oxford University Press}
}

@article{kennedy2002seabird,
  title={Seabird supertrees: combining partial estimates of procellariiform phylogeny},
  author={Kennedy, Martyn and Page, Roderic DM},
  journal={The Auk},
  volume={119},
  number={1},
  pages={88--108},
  year={2002},
  publisher={Oxford University Press}
}

@article{fleischauer2017bad,
  title={Bad Clade Deletion supertrees: a fast and accurate supertree algorithm},
  author={Fleischauer, Markus and B{\"o}cker, Sebastian},
  journal={Molecular biology and evolution},
  volume={34},
  number={9},
  pages={2408--2421},
  year={2017},
  publisher={Oxford University Press}
}

@article{ragan1992phylogenetic,
  IDS={mrp,ragan-mrp,mrp-ragan,Ragan1992},
  title={Phylogenetic inference based on matrix representation of trees},
  author={Ragan, Mark A},
  journal={Molecular phylogenetics and evolution},
  volume={1},
  number={1},
  pages={53--58},
  year={1992},
  publisher={Elsevier}
}

@article{mulrf,
  title={{MulRF}: a software package for phylogenetic analysis using multi-copy gene trees},
  author={Chaudhary, Ruchi and Fern{\'a}ndez-Baca, David and Burleigh, John Gordon},
  journal={Bioinformatics},
  volume={31},
  number={3},
  pages={432--433},
  year={2014},
  publisher={Oxford University Press}
}

@article{plumist,
  title={Split-based computation of majority-rule supertrees},
  author={Kupczok, Anne},
  journal={BMC evolutionary biology},
  volume={11},
  number={1},
  pages={205},
  year={2011},
  publisher={BioMed Central}
}

@article{steel2008maximum,
  IDS={ml-supertree},
  title={Maximum likelihood supertrees},
  author={Steel, Mike and Rodrigo, Allen},
  journal={Systematic biology},
  volume={57},
  number={2},
  pages={243--250},
  year={2008},
  publisher={Taylor \& Francis}
}


% @article{ASTRAL-II,
%   title={{ASTRAL-II}: coalescent-based species tree estimation with many hundreds of taxa and thousands of genes},
%   author={Mirarab, Siavash and Warnow, Tandy},
%   journal={Bioinformatics},
%   volume={31},
%   number={12},
%   pages={i44--i52},
%   year={2015},
%   publisher={Oxford University Press}
% }

% @article{ASTRAL,
%   title={{ASTRAL}: genome-scale coalescent-based species tree estimation},
%   author={Mirarab, Siavash and Reaz, Rezwana and Bayzid, Md S and Zimmermann, Th{\'e}o and Swenson, M Shel and Warnow, Tandy},
%   journal={Bioinformatics},
%   volume={30},
%   number={17},
%   pages={i541--i548},
%   year={2014},
%   publisher={Oxford University Press}
% }

% @inproceedings{ASTRAL-III,
%   title={{ASTRAL-III}: increased scalability and impacts of contracting low support branches},
%   author={Zhang, Chao and Sayyari, Erfan and Mirarab, Siavash},
%   booktitle={RECOMB International Workshop on Comparative Genomics},
%   pages={53--75},
%   year={2017},
%   organization={Springer}
% }

@article{ASTRAL-MP,
  title={{ASTRAL-MP}: scaling ASTRAL to very large datasets using randomization and parallelization},
  author={Yin, John and Zhang, Chao and Mirarab, Siavash},
  journal={Bioinformatics},
  year={2019}
}


@article{saitou1987neighbor,
  IDS={nj},
  title={The neighbor-joining method: a new method for reconstructing phylogenetic trees.},
  author={Saitou, Naruya and Nei, Masatoshi},
  journal={Molecular biology and evolution},
  volume={4},
  number={4},
  pages={406--425},
  year={1987}
}


@article{lefort2015fastme,
  title={{FastME} 2.0: a comprehensive, accurate, and fast distance-based phylogeny inference program},
  author={Lefort, Vincent and Desper, Richard and Gascuel, Olivier},
  journal={Molecular biology and evolution},
  volume={32},
  number={10},
  pages={2798--2800},
  year={2015},
  publisher={Oxford University Press}
}


@article{vachaspati2015astrid,
  IDS={ASTRID,astrid,Vachaspati2015-ASTRID},
  title={{ASTRID}: accurate species trees from internode distances},
  author={Vachaspati, Pranjal and Warnow, Tandy},
  journal={BMC genomics},
  volume={16},
  number={10},
  pages={S3},
  year={2015},
  publisher={BioMed Central}
}

@article{liu2011estimating,
  IDS={NJst, Liu2011-NJst},
  title={Estimating species trees from unrooted gene trees},
  author={Liu, Liang and Yu, Lili},
  journal={Systematic biology},
  volume={60},
  number={5},
  pages={661--667},
  year={2011},
  publisher={Oxford University Press}
}


@article{phydstar,
  title={Fast {NJ}-like algorithms to deal with incomplete distance matrices},
  author={Criscuolo, Alexis and Gascuel, Olivier},
  journal={BMC bioinformatics},
  volume={9},
  number={1},
  pages={166},
  year={2008},
  publisher={BioMed Central}
}
@article{gascuel1997bionj,
  IDS={Gascuel1997},
  title={{BIONJ}: an improved version of the NJ algorithm based on a simple model of sequence data.},
  author={Gascuel, Olivier},
  journal={Molecular biology and evolution},
  volume={14},
  number={7},
  pages={685--695},
  year={1997}
}

@article{jukes1969evolution,
  title={Evolution of protein molecules},
  author={Jukes, Thomas H and Cantor, Charles R and others},
  journal={Mammalian protein metabolism},
  volume={3},
  number={21},
  pages={132},
  year={1969},
  publisher={New York}
}

@article{sokal1958statistical,
  title={A statistical method for evaluating systematic relationship},
  author={Sokal, Robert R},
  journal={University of Kansas science bulletin},
  volume={28},
  pages={1409--1438},
  year={1958}
}

@article{bansal2010robinson,
  title={{Robinson-Foulds} supertrees},
  author={Bansal, Mukul S and Burleigh, J Gordon and Eulenstein, Oliver and Fern{\'a}ndez-Baca, David},
  journal={Algorithms for molecular biology},
  volume={5},
  number={1},
  pages={18},
  year={2010},
  publisher={BioMed Central}
}

@article{smidgen,
  title={A simulation study comparing supertree and combined analysis methods using {SMIDGen}},
  author={Swenson, M Shel and Barban{\c{c}}on, Fran{\c{c}}ois and Warnow, Tandy and Linder, C Randal},
  journal={Algorithms for Molecular Biology},
  volume={5},
  number={1},
  pages={8},
  year={2010},
  publisher={BioMed Central}
}

@article{nam2015ultra,
  title={Ultra-large alignments using phylogeny-aware profiles},
  author={Nam-phuong, D Nguyen and Mirarab, Siavash and Kumar, Keerthana and Warnow, Tandy},
  journal={Genome biology},
  volume={16},
  number={1},
  pages={124},
  year={2015},
  publisher={BioMed Central}
}

@article{mirarab2015pasta,
  title={{PASTA}: ultra-large multiple sequence alignment for nucleotide and amino-acid sequences},
  author={Mirarab, Siavash and Nguyen, Nam and Guo, Sheng and Wang, Li-San and Kim, Junhyong and Warnow, Tandy},
  journal={Journal of Computational Biology},
  volume={22},
  number={5},
  pages={377--386},
  year={2015},
  publisher={Mary Ann Liebert, Inc. 140 Huguenot Street, 3rd Floor New Rochelle, NY 10801 USA}
}


@article{price2010fasttree,
  IDS={Price2010},
  title={{FastTree} 2--approximately maximum-likelihood trees for large alignments},
  author={Price, Morgan N and Dehal, Paramvir S and Arkin, Adam P},
  journal={PloS one},
  volume={5},
  number={3},
  pages={e9490},
  year={2010},
  publisher={Public Library of Science}
}

@article{gascuel2006neighbor,
  title={Neighbor-joining revealed},
  author={Gascuel, Olivier and Steel, Mike},
  journal={Molecular biology and evolution},
  volume={23},
  number={11},
  pages={1997--2000},
  year={2006},
  publisher={Oxford University Press}
}

@inproceedings{simonsen2008rapid,
  title={Rapid neighbour-joining},
  author={Simonsen, Martin and Mailund, Thomas and Pedersen, Christian NS},
  booktitle={International Workshop on Algorithms in Bioinformatics},
  pages={113--122},
  year={2008},
  organization={Springer}
}

@inproceedings{simonsen2010inference,
  title={Inference of large phylogenies using neighbour-joining},
  author={Simonsen, Martin and Mailund, Thomas and Pedersen, Christian NS},
  booktitle={International Joint Conference on Biomedical Engineering Systems and Technologies},
  pages={334--344},
  year={2010},
  organization={Springer}
}


@article{stamatakis2014raxml,
  IDS={RAxML, Stamatakis2014},
  title={{RAxML} version 8: a tool for phylogenetic analysis and post-analysis of large phylogenies},
  author={Stamatakis, Alexandros},
  journal={Bioinformatics},
  volume={30},
  number={9},
  pages={1312--1313},
  year={2014},
  publisher={Oxford University Press}
}
@article{vachaspati2018siesta,
  IDS={vachaspati2017enhancing},
  title={SIESTA: enhancing searches for optimal supertrees and species trees},
  author={Vachaspati, Pranjal and Warnow, Tandy},
  journal={BMC genomics},
  volume={19},
  number={5},
  pages={252},
  year={2018},
  publisher={BioMed Central}
}
@article{vachaspati2018svdquest,
  title={SVDquest: Improving SVDquartets species tree estimation using exact optimization within a constrained search space},
  author={Vachaspati, Pranjal and Warnow, Tandy},
  journal={Molecular phylogenetics and evolution},
  volume={124},
  pages={122--136},
  year={2018},
  publisher={Elsevier}
}

@article{zhang2015genomics,
  title={Genomics: Bird sequencing project takes off},
  author={Zhang, Guojie},
  journal={Nature},
  volume={522},
  number={7554},
  pages={34},
  year={2015},
  publisher={Nature Publishing Group}
}

@article{koepfli2015genome,
  title={The Genome 10K Project: a way forward},
  author={Koepfli, Klaus-Peter and Paten, Benedict and Genome 10K Community of Scientists and O’Brien, Stephen J},
  journal={Annu. Rev. Anim. Biosci.},
  volume={3},
  number={1},
  pages={57--111},
  year={2015},
  publisher={Annual Reviews}
}

@article{maddison1997gene,
  IDS={Maddison1997, Maddison},
  title={Gene trees in species trees},
  author={Maddison, Wayne P},
  journal={Systematic biology},
  volume={46},
  number={3},
  pages={523--536},
  year={1997},
  publisher={Oxford University Press}
}

@inproceedings{roch2018variance,
  title={On the variance of internode distance under the multispecies coalescent},
  author={Roch, S{\'e}bastien},
  booktitle={RECOMB International conference on Comparative Genomics},
  pages={196--206},
  year={2018},
  organization={Springer}
}